% This file was created with JabRef 2.9.2.
% Encoding: UTF8

@BOOK{Kroeber-Riel1996,
  title = {Bildkommunikation - Imagerystrategien für die Werbung ; [the new
	science of imagination]},
  publisher = {Vahlen Franz GmbH},
  year = {1996},
  author = {Kroeber-Riel, Werner},
  address = {München},
  isbn = {978-3-800-62040-1}
}

@MISC{OBrian2013,
  author = {O'Brian, Tim},
  title = {Web, native, and déjà vu},
  month = {Januar},
  year = {2013},
  note = {zuletzt geprüft: 29.07.2013},
  timestamp = {2013.07.29},
  url = {http://channel9.msdn.com/Blogs/Vector/Web-native-and-dj-vu}
}

@MISC{Paul2013,
  author = {Paul, Ian},
  title = {Killing the desktop: Can you survive in Windows 8's modern UI alone?},
  howpublished = {http://www.pcworld.com/},
  month = {April},
  year = {2013},
  note = {zuletzt geprüft: 12.07.2013},
  timestamp = {2013.07.12},
  url = {http://www.pcworld.com/article/2033875/killing-the-desktop-can-you-survive-in-windows-8s-modern-ui-alone-.html}
}

